@inproceedings{Prins93,
 author = {Prins, Jan F. and Palmer, Daniel W.},
 title = {{Transforming High-Level Data-Parallel Programs into Vector Operations}},
 booktitle = {{Proceedings of the fourth ACM SIGPLAN symposium on Principles and Practice of Parallel Programming}},
 series = {PPOPP '93},
 year = {1993},
 isbn = {0-89791-589-5},
 location = {San Diego, California, United States},
 pages = {119--128},
 numpages = {10},
 publisher = {ACM},
 address = {New York, NY, USA},
}

@inproceedings{Chakravarty2000,
 author = {Chakravarty, Manuel M. T. and Keller, Gabriele},
 title = {{More Types for Nested Data Parallel Programming}},
 booktitle = {{Proceedings of the fifth ACM SIGPLAN International Conference on Functional Programming}},
 series = {ICFP '00},
 year = {2000},
 isbn = {1-58113-202-6},
 pages = {94--105},
 numpages = {12},
 publisher = {ACM},
 address = {New York, NY, USA},
}

@incollection {Keller96,
   author = {Keller, Gabriele and Simons, Martin},
   affiliation = {{Technische Universität Berlin Forschungsgruppe Softwaretechnik (FR5-6) Franklinstr. 28/29 D-10587 Berlin Franklinstr. 28/29 D-10587 Berlin}},
   title = {A Calculational Approach to Flattening Nested Data Parallelism in Functional Languages},
   booktitle = {Concurrency and Parallelism, Programming, Networking, and Security},
   series = {Lecture Notes in Computer Science},
   editor = {Jaffar, Joxan and Yap, Roland},
   publisher = {Springer Berlin / Heidelberg},
   pages = {234-243},
   volume = {1179},
   year = {1996}
}

@MISC{Goldberg24,
    author = {Goldberg, Allen and Prins, Jan and Reif, John and Faith, Rickard and Li, Zhiyong and Mills, Peter and Nyland, Lars and Palmer, Daniel and Riely, James  and Westfold, Stephen},
    title = {{The Proteus System for the Development of Parallel Applications}},
    year = {1994}
}

@inproceedings{Jones08,
	title = {{Harnessing the Multicores: Nested Data Parallelism in Haskell}},
	author = {Peyton Jones, Simon and Leshchinskiy, Roman and Keller, Gabriele and Chakravarty, Manuel M. T.},
	year = {2008},
	publisher = {Schloss Dagstuhl - Leibniz-Zentrum für Informatik},
	url = {http://drops.dagstuhl.de/opus/volltexte/2008/1769/},
	institution = {DROPS - Dagstuhl Research Online Publication Server  (Germany)},
}

@phdthesis{Leschinskiy06,
    title = {{Higher-Order Nested Data Parallelism: Semantics and Implementation}},
    author = {Leshchinskiy, Roman},
    school = {Technischen Universit\"at Berlin},
    year = {2006},
    month = {Dec},
    url = "http://www.cse.unsw.edu.au/~rl/publications/thesis.html"

}

@inproceedings{Palmer95,
 author = {Palmer, D. W. and Prins, J. F. and Westfold, S.},
 title = {{Work-Efficient Nested Data-Parallelism}},
 booktitle = {Proceedings of the Fifth Symposium on the Frontiers of Massively Parallel Computation (Frontiers'95)},
 year = {1995},
 isbn = {0-8186-6965-9},
 pages = {186--},
 publisher = {IEEE Computer Society},
 address = {Washington, DC, USA},
}

@inproceedings{Chakravarty01,
 author = {Chakravarty, Manuel M. T. and Keller, Gabriele},
 title = {Functional Array Fusion},
 booktitle = {Proceedings of the sixth ACM SIGPLAN International Conference on Functional Programming},
 series = {ICFP '01},
 year = {2001},
 isbn = {1-58113-415-0},
 location = {Florence, Italy},
 pages = {205--216},
 numpages = {12},
 publisher = {ACM},
 address = {New York, NY, USA},
}

@inproceedings{Keller98,
 author = {Keller, Gabriele and Chakravarty, Manuel M. T.},
 title = {Flattening Trees},
 booktitle = {Proceedings of the 4th International Euro-Par Conference on Parallel Processing},
 series = {Euro-Par '98},
 year = {1998},
 isbn = {3-540-64952-2},
 pages = {709--719},
 numpages = {11},
 publisher = {Springer-Verlag},
 address = {London, UK},
}

@phdthesis{Keller99,
    title = {{Transformation-based Implementation of Nested Data Parallelism for Distributed Memory Machines}},
    author = {Keller, Gabriele},
    school = {Technischen Universit\"at Berlin},
    year = {1999},
    month = {Feb},
}

@techreport{Palmer94,
 author = {Palmer, Daniel W.},
 title = {DPL: Data Parallel Library Manual},
 year = {1994},
 publisher = {University of North Carolina at Chapel Hill},
 address = {Chapel Hill, NC, USA},
}

@inproceedings{Chakravarty00,
 author = {Chakravarty, Manuel M. T. and Keller, Gabriele},
 title = {More Types for Nested Data Parallel Programming},
 booktitle = {Proceedings of the fifth ACM SIGPLAN International Conference on Functional programming},
 series = {ICFP '00},
 year = {2000},
 isbn = {1-58113-202-6},
 pages = {94--105},
 numpages = {12},
 acmid = {351249},
 publisher = {ACM},
 address = {New York, NY, USA},
}

@article{Chakravarty08,
	title = {Partial Vectorisation of Haskell Programs},
	author = {Manuel M. T. Chakravarty and Roman Leshchinskiy and Simon Peyton Jones and Gabriele Keller},
	year = {2008},
	publisher = {ACM Press},
}

@inproceedings{Chakravarty07,
 author = {Chakravarty, Manuel M. T. and Leshchinskiy, Roman and Jones, Simon Peyton and Keller, Gabriele and Marlow, Simon},
 title = {Data Parallel Haskell: a status report},
 booktitle = {Proceedings of the 2007 workshop on Declarative Aspects of Multicore Programming},
 series = {DAMP '07},
 year = {2007},
 isbn = {978-1-59593-690-5},
 location = {Nice, France},
 pages = {10--18},
 numpages = {9},
 publisher = {ACM},
 address = {New York, NY, USA},
}

@inproceedings{Chakravarty01,
 author = {Chakravarty, Manuel M. T. and Keller, Gabriele and Lechtchinsky, Roman and Pfannenstiel, W.},
 title = {Nepal - Nested Data Parallelism in Haskell},
 booktitle = {Proceedings of the 7th International Euro-Par Conference Manchester on Parallel Processing},
 series = {Euro-Par '01},
 year = {2001},
 isbn = {3-540-42495-4},
 pages = {524--534},
 numpages = {11},
 publisher = {Springer-Verlag},
 address = {London, UK},
}